<?xml version="1.0" encoding="UTF-8"?><collection xmlns="http://www.loc.gov/MARC21/slim"><record><leader>00450nam--2200157-i-4500</leader><controlfield tag="001">000020774</controlfield><controlfield tag="002">20161230</controlfield><controlfield tag="005">20161230201033</controlfield><controlfield tag="008">060222s1000------------r-----000-0-eng-d</controlfield><datafield ind1=" " ind2=" " tag="080"><subfield code="a">517.98</subfield></datafield><datafield ind1=" " ind2=" " tag="100"><subfield code="a">N.Gheorghiu</subfield></datafield><datafield ind1=" " ind2=" " tag="245"><subfield code="a">Introducere in analiza functionala</subfield></datafield><datafield ind1=" " ind2=" " tag="260"><subfield code="a">Bucuresti, Editura Academiei Republicii Socialiste Romania, 1974 231 P</subfield></datafield><datafield ind1=" " ind2=" " tag="490"><subfield code="a">Analiza Moderna Si Aplicatii</subfield></datafield><datafield ind1=" " ind2=" " tag="852"><subfield code="a">75981</subfield><subfield code="c">517.5</subfield></datafield><datafield ind1=" " ind2=" " tag="CAT"><subfield code="a">Sys</subfield><subfield code="c">20080812</subfield><subfield code="h">085345</subfield></datafield></record></collection>